<record><leader>00000cas a22000007a 4500</leader><controlfield tag="001">15483274</controlfield><controlfield tag="008">870403d19001915wiudn ne      0    0eng d</controlfield><datafield ind1=" " ind2=" " tag="010"><subfield code="a">sn 87082418 </subfield></datafield><datafield ind1=" " ind2=" " tag="040"><subfield code="a">NPV</subfield><subfield code="b">eng</subfield><subfield code="c">NPV</subfield><subfield code="d">OCLCQ</subfield></datafield><datafield ind1=" " ind2=" " tag="042"><subfield code="a">msc</subfield></datafield><datafield ind1="0" ind2=" " tag="130"><subfield code="a">Racine daily times (Racine, Wis. : 1900)</subfield></datafield><datafield ind1="1" ind2="0" tag="245"><subfield code="a">Racine daily times.</subfield></datafield><datafield ind1=" " ind2=" " tag="260"><subfield code="a">Racine, Wis. :</subfield><subfield code="b">[s.n.],</subfield><subfield code="c">1900-1915.</subfield></datafield><datafield ind1=" " ind2=" " tag="300"><subfield code="a">v.</subfield></datafield><datafield ind1=" " ind2=" " tag="310"><subfield code="a">Daily (except Sunday)</subfield></datafield><datafield ind1="0" ind2=" " tag="362"><subfield code="a">Vol. 19 (Mar. 6, 1900)-v. 31 (Nov. 20, 1915).</subfield></datafield><datafield ind1=" " ind2=" " tag="752"><subfield code="a">United States</subfield><subfield code="b">Wisconsin</subfield><subfield code="c">Racine</subfield><subfield code="d">Racine.</subfield></datafield><datafield ind1="0" ind2="0" tag="780"><subfield code="t">Racine times</subfield><subfield code="w">(DLC)sn 87082417</subfield></datafield><datafield ind1="0" ind2="7" tag="785"><subfield code="t">Racine daily call</subfield></datafield><datafield ind1="0" ind2="7" tag="785"><subfield code="t">Racine times-call</subfield><subfield code="w">(DLC)sn 87082419</subfield></datafield></record>